@book{scott2003processo,
  title={O processo unificado explicado},
  author={Scott, Kendall},
  year={2003},
  publisher={Bookman}
}

@article{sommervilleengenharia,
  title={Engenharia de Software-8{\textordfeminine} Edicao (2007)},
  author={Sommerville, Ian},
  journal={Ed Person Education}
}

@book{sutherland2014scrum,
  title={SCRUM: A arte de fazer o dobro de trabalho na metade do tempo},
  author={Sutherland, Jeff},
  year={2014},
  publisher={Leya}
}